@misc{mutexAtomic,
  author = {Alexandar Sandler},
  title = {Do you need a mutex to protect an int?},
  year = 2008,
  howpublished = {\url{http://www.alexonlinux.com/do-you-need-mutex-to-protect-int}},
  note = {Accessed: 2019-02-20}
},

@misc{mutexUndefined,
  author = {IEEE Std},
  title = {pthread\_mutex\_destroy},
  year = 2004,
  howpublished = {\url{http://pubs.opengroup.org/onlinepubs/009695399/functions/pthread_mutex_destroy.html}},
  note = {Accessed: 2019-02-21}
},

@misc{mutexSize,
  author = {dpw},
  title = {skinny-mutex},
  howpublished = {\url{https://github.com/dpw/skinny-mutex}},
  note = {Accessed: 2019-02-21}
}